@Book{Sarmanova2008ISaDS,
  author    = {Jana Šarmanová},
  title     = {Informační systémy a datové sklady},
  year      = {2008},
  publisher = {Vysoká škola báňská, Technická univerzita},
  url       = {http://www.elearn.vsb.cz/archivcd/FEI/INS/INS.pdf},
  isbn      = {978-80-248-1500-8},
  address   = {Ostrava},
}
